@article{al2011computing,
    author = {Al-Mohy, Awad H and Higham, Nicholas J},
    journal = {SIAM journal on scientific computing},
    number = {2},
    pages = {488--511},
    publisher = {SIAM},
    title = {Computing the action of the matrix exponential, with an application to exponential integrators},
    url = {https://epubs.siam.org/doi/abs/10.1137/100788860},
    volume = {33},
    year = {2011}
}

@article{amin2016quantum,
    author = {Amin, Mohammad H and Andriyash, Evgeny and Rolfe, Jason and Kulchytskyy, Bohdan and Melko, Roger},
    journal = {Phys. Rev. X},
    pages = {021050},
    title = {Quantum Boltzmann Machine},
    url = {https://journals.aps.org/prx/abstract/10.1103/PhysRevX.8.021050},
    volume = {8},
    year = {2018}
}

@article{banchi2011nonperturbative,
    author = {Banchi, Leonardo and Bayat, Abolfazl and Verrucchi, Paola and Bose, Sougato},
    doi = {10.1103/physrevlett.106.140501},
    issn = {1079-7114},
    journal = {Physical Review Letters},
    month = {11},
    number = {14},
    pages = {140501},
    pmid = {21561174},
    publisher = {Physical Review Letters},
    title = {Nonperturbative Entangling Gates between Distant Qubits Using Uniform Cold Atom Chains},
    url = {http://dx.doi.org/10.1103/physrevlett.106.140501},
    volume = {106},
    year = {2011}
}

@article{banchi2015perfect,
    author = {Banchi, Leonardo and Compagno, Enrico and Bose, Sougato},
    doi = {10.1103/physreva.91.052323},
    issn = {2469-9934},
    journal = {Physical Review A},
    number = {5},
    pages = {052323},
    title = {Perfect wave-packet splitting and reconstruction in a one-dimensional lattice},
    url = {http://dx.doi.org/10.1103/physreva.91.052323},
    volume = {91},
    year = {2015}
}

@article{banchi2016quantum,
    author = {Banchi, Leonardo and Pancotti, Nicola and Bose, Sougato},
    journal = {npj Quantum Information},
    month = {Nov},
    number = {1},
    publisher = {Springer Nature},
    title = {Quantum gate learning in qubit networks: Toffoli gate without time-dependent control},
    url = {http://dx.doi.org/10.1038/npjqi.2016.19},
    volume = {2},
    year = {2016}
}

@article{barenco1995elementary,
    author = {Barenco, Adriano and Bennett, Charles H. and Cleve, Richard and DiVincenzo, David P. and Margolus, Norman and Shor, Peter and Sleator, Tycho and Smolin, John A. and Weinfurter, Harald},
    doi = {10.1103/PhysRevA.52.3457},
    journal = {Physical Review A},
    month = {Nov},
    number = {5},
    pages = {3457–3467},
    publisher = {American Physical Society (APS)},
    title = {Elementary gates for quantum computation},
    volume = {52},
    year = {1995}
}

@article{bartholomewbiggs2000automatic,
    author = {Bartholomew-Biggs, Michael and Brown, Steven and Christianson, Bruce and Dixon, Laurence},
    doi = {10.1016/s0377-0427(00)00422-2},
    issn = {0377-0427},
    journal = {Journal of Computational and Applied Mathematics},
    number = {1-2},
    pages = {171--190},
    title = {Automatic differentiation of algorithms},
    url = {http://dx.doi.org/10.1016/s0377-0427(00)00422-2},
    volume = {124},
    year = {2000}
}

@article{baydin2015automatic,
    author = {Baydin, Atilim Gunes and Pearlmutter, Barak A and Radul, Alexey Andreyevich and Siskind, Jeffrey Mark},
    journal = {The Journal of Machine Learning Research},
    pages = {1--43},
    title = {Automatic differentiation in machine learning: a survey},
    url = {http://www.jmlr.org/papers/v18/17-468.html},
    volume = {18},
    year = {2018}
}

@book{bischof2008advances,
    author = {Bischof, Christian H and B{\"u}cker, H Martin and Hovland, Paul and Naumann, Uwe and Utke, Jean},
    publisher = {Springer},
    title = {Advances in automatic differentiation},
    url = {https://www.springer.com/it/book/9783540689355},
    year = {2008}
}

@book{bishop2006pattern,
    author = {Bishop, Christopher M},
    isbn = {978-0-387-31073-2},
    month = {6},
    publisher = {Springer-Verlag New York},
    title = {Pattern recognition and machine learning},
    url = {http://www.springer.com/it/book/9780387310732},
    year = {2006}
}

@article{blatt2008entangled,
    author = {Blatt, Rainer and Wineland, David},
    doi = {10.1038/nature07125},
    journal = {Nature},
    month = {Jun},
    number = {7198},
    pages = {1008–1015},
    publisher = {Springer Science and Business Media LLC},
    title = {Entangled states of trapped atomic ions},
    volume = {453},
    year = {2008}
}

@article{Bobby-paper,
    author = {Antonio, B. and Randall, J. and Hensinger, W. and Morley, G. W. and Bose, S.},
    journal = {arXiv:1509.03420},
    title = {Classical Computation by Quantum Bits},
    url = {https://arxiv.org/abs/1509.03420},
    year = {2015}
}

@article{bottou1998online,
    author = {Bottou, L{\'e}on},
    journal = {On-line learning in neural networks},
    number = {9},
    pages = {142},
    title = {Online learning and stochastic approximations},
    volume = {17},
    year = {1998}
}

@article{bravyi2008quantum,
    author = {Bravyi, Sergey and DiVincenzo, David P. and Loss, Daniel and Terhal, Barbara M.},
    doi = {10.1103/physrevlett.101.070503},
    issn = {1079-7114},
    journal = {Physical Review Letters},
    month = {8},
    number = {7},
    pages = {070503},
    pmid = {18764519},
    title = {Quantum Simulation of Many-Body Hamiltonians Using Perturbation Theory with Bounded-Strength Interactions},
    url = {http://dx.doi.org/10.1103/physrevlett.101.070503},
    volume = {101},
    year = {2008}
}

@article{britton2012engineered,
    author = {Britton, Joseph W. and Sawyer, Brian C. and Keith, Adam C. and Wang, C.-C. Joseph and Freericks, James K. and Uys, Hermann and Biercuk, Michael J. and Bollinger, John J.},
    doi = {10.1038/nature10981},
    journal = {Nature},
    month = {Apr},
    number = {7395},
    pages = {489–492},
    publisher = {Springer Science and Business Media LLC},
    title = {Engineered two-dimensional Ising interactions in a trapped-ion quantum simulator with hundreds of spins},
    volume = {484},
    year = {2012}
}

@article{broecker2017quantum,
    archivePrefix = {arXiv},
    author = {Broecker, Peter and Assaad, Fakher F and Trebst, Simon},
    eprint = {1707.00663},
    primaryClass = {quant-ph},
    title = {Quantum phase recognition via unsupervised machine learning},
    year = {2017}
}

@article{brown2019leakage,
    author = {Brown, Natalie C. and Brown, Kenneth R.},
    doi = {10.1103/PhysRevA.100.032325},
    journal = {Physical Review A},
    month = {Sep},
    number = {3},
    publisher = {American Physical Society (APS)},
    title = {Leakage mitigation for quantum error correction using a mixed qubit scheme},
    volume = {100},
    year = {2019}
}

@article{buhrman2001quantum,
    author = {Buhrman, Harry and Cleve, Richard and Watrous, John and De Wolf, Ronald},
    journal = {Physical Review Letters},
    number = {16},
    pages = {167902},
    publisher = {APS},
    title = {Quantum fingerprinting},
    volume = {87},
    year = {2001}
}

@article{carleo2017solving,
    author = {Carleo, Giuseppe and Troyer, Matthias},
    doi = {10.1126/science.aag2302},
    issn = {0036-8075},
    journal = {Science},
    number = {6325},
    pages = {602--606},
    pmid = {28183973},
    title = {Solving the quantum many-body problem with artificial neural networks},
    url = {http://dx.doi.org/10.1126/science.aag2302},
    volume = {355},
    year = {2017}
}

@article{carrasquilla2017machine,
    author = {Carrasquilla, Juan and Melko, Roger G.},
    doi = {10.1038/nphys4035},
    issn = {1745-2473},
    journal = {Nature Physics},
    number = {5},
    pages = {431--434},
    title = {Machine learning phases of matter},
    url = {http://dx.doi.org/10.1038/nphys4035},
    volume = {13},
    year = {2017}
}

@article{chu1998inverse,
    author = {Chu, Moody T},
    doi = {10.1137/s0036144596303984},
    issn = {0036-1445},
    journal = {SIAM Review},
    number = {1},
    pages = {1--39},
    title = {Inverse Eigenvalue Problems},
    url = {http://dx.doi.org/10.1137/s0036144596303984},
    volume = {40},
    year = {1998}
}

@article{cory1998experimental,
    author = {Cory, D. G. and Price, M. D. and Maas, W. and Knill, E. and Laflamme, R. and Zurek, W. H. and Havel, T. F. and Somaroo, S. S.},
    doi = {10.1103/physrevlett.81.2152},
    issn = {1079-7114},
    journal = {Physical Review Letters},
    number = {10},
    pages = {2152},
    publisher = {Physical Review Letters},
    title = {Experimental Quantum Error Correction},
    url = {http://dx.doi.org/10.1103/physrevlett.81.2152},
    volume = {81},
    year = {1998}
}

@article{cubitt2017universal,
    author = {Cubitt, T. and Montanaro, A. and Piddock, S.},
    journal = {arXiv:1701.05182},
    title = {Universal Quantum Hamiltonians},
    url = {https://arxiv.org/abs/1701.05182},
    year = {2017}
}

@book{dalessandro2007introduction,
    author = {d'Alessandro, Domenico},
    publisher = {CRC press},
    title = {Introduction to quantum control and dynamics},
    year = {2007}
}

@article{debnath2016demonstration,
    author = {Debnath, S. and Linke, N. M. and Figgatt, C. and Landsman, K. A. and Wright, K. and Monroe, C.},
    doi = {10.1038/nature18648},
    journal = {Nature},
    month = {Aug},
    number = {7614},
    pages = {63–66},
    publisher = {Springer Science and Business Media LLC},
    title = {Demonstration of a small programmable quantum computer with atomic qubits},
    volume = {536},
    year = {2016}
}

@article{deng2017quantum,
    author = {Deng, Dong-Ling and Li, Xiaopeng and Sarma, S. Das},
    doi = {10.1103/physrevx.7.021021},
    issn = {2160-3308},
    journal = {Physical Review X},
    number = {2},
    pages = {021021},
    title = {Quantum Entanglement in Neural Network States},
    url = {http://dx.doi.org/10.1103/physrevx.7.021021},
    volume = {7},
    year = {2017}
}

@article{deutsch1985quantum,
    author = {Deutsch, D.},
    doi = {10.1098/rspa.1985.0070},
    journal = {Proceedings of the Royal Society A: Mathematical, Physical and Engineering Sciences},
    month = {Jul},
    number = {1818},
    pages = {97–117},
    publisher = {The Royal Society},
    title = {Quantum Theory, the Church-Turing Principle and the Universal Quantum Computer},
    volume = {400},
    year = {1985}
}

@article{devoret2013superconducting,
    author = {Devoret, M. H. and Schoelkopf, R. J.},
    doi = {10.1126/science.1231930},
    journal = {Science},
    month = {Mar},
    number = {6124},
    pages = {1169–1174},
    publisher = {American Association for the Advancement of Science (AAAS)},
    title = {Superconducting Circuits for Quantum Information: An Outlook},
    volume = {339},
    year = {2013}
}

@article{divincenzo2000the,
    author = {DiVincenzo, David P.},
    doi = {10.1002/1521-3978(200009)48:9/11<771::AID-PROP771>3.0.CO;2-E},
    journal = {Fortschritte der Physik},
    month = {Sep},
    number = {9-11},
    pages = {771–783},
    publisher = {Wiley},
    title = {The Physical Implementation of Quantum Computation},
    volume = {48},
    year = {2000}
}

@article{dong2009quantum,
    author = {Dong, Daoyi and Petersen, Ian R},
    doi = {10.1049/iet-cta.2009.0508},
    issn = {1751-8644},
    journal = {IET Control Theory & Applications},
    month = {9},
    number = {12},
    pages = {2651--2671},
    title = {Quantum control theory and applications: A survey},
    url = {http://dx.doi.org/10.1049/iet-cta.2009.0508},
    volume = {4},
    year = {2009}
}

@article{ekert2002direct,
    author = {Ekert, Artur K and Alves, Carolina Moura and Oi, Daniel KL and Horodecki, Micha{\l} and Horodecki, Pawe{\l} and Kwek, Leong Chuan},
    journal = {Physical review letters},
    number = {21},
    pages = {217901},
    publisher = {APS},
    title = {Direct estimations of linear and nonlinear functionals of a quantum state},
    volume = {88},
    year = {2002}
}

@article{fedorov2011implementation,
    author = {Fedorov, A. and Steffen, L. and Baur, M. and Silva, M. P. da and Wallraff, A.},
    doi = {10.1038/nature10713},
    issn = {0028-0836},
    journal = {Nature},
    month = {11},
    number = {7380},
    pages = {170--172},
    pmid = {22170609},
    publisher = {Nature},
    title = {Implementation of a {Toffoli} gate with superconducting circuits},
    url = {http://dx.doi.org/10.1038/nature10713},
    volume = {481},
    year = {2011}
}

@article{feynman1982simulating,
    author = {Feynman, Richard P.},
    doi = {10.1007/BF02650179},
    journal = {International Journal of Theoretical Physics},
    month = {Jun},
    number = {6-7},
    pages = {467–488},
    publisher = {Springer Science and Business Media LLC},
    title = {Simulating physics with computers},
    volume = {21},
    year = {1982}
}

@article{fisk1997accurate,
    author = {Fisk, P.T.H. and Sellars, M.J. and Lawn, M.A. and Coles, G.},
    doi = {10.1109/58.585119},
    journal = {IEEE Transactions on Ultrasonics, Ferroelectrics and Frequency Control},
    month = {Mar},
    number = {2},
    pages = {344–354},
    publisher = {Institute of Electrical and Electronics Engineers (IEEE)},
    title = {Accurate measurement of the 12.6 GHz “clock” transition in trapped /sup 171/Yb/sup +/ ions},
    volume = {44},
    year = {1997}
}

@article{fiuravsek2002universal,
    author = {Fiur{\'a}{\v{s} }ek, Jarom{\'\i}r and Du{\v{s} }ek, Miloslav and Filip, Radim},
    journal = {Physical review letters},
    number = {19},
    pages = {190401},
    publisher = {APS},
    title = {Universal measurement apparatus controlled by quantum software},
    volume = {89},
    year = {2002}
}

@article{footnote,
    journal = {The projectors are such that $\sum_j P_{kj} = {\mathds1_k$, $P_{kj} P_{kj'} = {0$ if $j\neq j'$, and $P_{kj} P_{k'j'} = {0$ if $k\neq k'$ for any $j, j'$}}}}
}

@article{friedland1987the,
    author = {Friedland, S and Nocedal, J and Overton, M L},
    doi = {10.1137/0724043},
    issn = {0036-1429},
    journal = {SIAM Journal on Numerical Analysis},
    number = {3},
    pages = {634--667},
    title = {The Formulation and Analysis of Numerical Methods for Inverse Eigenvalue Problems},
    url = {http://dx.doi.org/10.1137/0724043},
    volume = {24},
    year = {1987}
}

@article{genest2016quantum,
    author = {Genest, Vincent X. and Vinet, Luc and Zhedanov, Alexei},
    doi = {10.1016/j.aop.2016.05.009},
    issn = {0003-4916},
    journal = {Annals of Physics},
    pages = {348--367},
    title = {Quantum spin chains with fractional revival},
    url = {http://dx.doi.org/10.1016/j.aop.2016.05.009},
    volume = {371},
    year = {2016}
}

@article{georgescu2014quantum,
    author = {Georgescu, I. M. and Ashhab, S. and Nori, Franco},
    doi = {10.1103/RevModPhys.86.153},
    journal = {Reviews of Modern Physics},
    month = {Mar},
    number = {1},
    pages = {153–185},
    publisher = {American Physical Society (APS)},
    title = {Quantum simulation},
    volume = {86},
    year = {2014}
}

@article{goh2017momentum,
    author = {Goh, Gabriel},
    journal = {Distill},
    number = {4},
    title = {Why Momentum Really Works.},
    url = {http://dx.doi.org/10.23915/distill.00006},
    volume = {2},
    year = {2017}
}

@article{goh2017why,
    author = {Goh, Gabriel},
    issn = {2476-0757},
    journal = {Distill},
    number = {4},
    title = {Why Momentum Really Works.},
    url = {http://dx.doi.org/10.23915/distill.00006},
    volume = {2},
    year = {2017}
}

@article{gottesman1998theory,
    author = {Gottesman, Daniel},
    doi = {10.1103/physreva.57.127},
    issn = {2469-9934},
    journal = {Physical Review A},
    number = {1},
    pages = {127},
    publisher = {Physical Review A},
    title = {Theory of fault-tolerant quantum computation},
    url = {http://dx.doi.org/10.1103/physreva.57.127},
    volume = {57},
    year = {1998}
}

@article{gottesman2001quantum,
    author = {Gottesman, Daniel and Chuang, Isaac},
    journal = {arXiv preprint quant-ph/0105032},
    title = {Quantum digital signatures},
    year = {2001}
}

@article{gray2017measuring,
    author = {Gray, Johnnie and Banchi, Leonardo and Bayat, Abolfazl and Bose, Sougato},
    journal = {arXiv:1709.04923},
    title = {Measuring Entanglement Negativity},
    url = {https://arxiv.org/abs/1709.04923},
    year = {2017}
}

@article{griffiths1996semiclassical,
    author = {Griffiths, Robert B. and Niu, Chi-Sheng},
    doi = {10.1103/PhysRevLett.76.3228},
    journal = {Physical Review Letters},
    month = {Apr},
    number = {17},
    pages = {3228–3231},
    publisher = {American Physical Society (APS)},
    title = {Semiclassical Fourier Transform for Quantum Computation},
    volume = {76},
    year = {1996}
}

@book{haykin1998neural,
    author = {Haykin, Simon},
    editor = {Pearson},
    institution = {Macmilan},
    isbn = {0132733501},
    publisher = {Prentice Hall PTR Upper Saddle River, NJ, USA},
    title = {Neural Networks: A Comprehensive Foundation},
    url = {http://dl.acm.org/citation.cfm?id = {521706}},
    year = {1998}
}

@article{hechtnielsen1989theory,
    author = {Hecht-Nielsen, R.},
    doi = {10.1109/ijcnn.1989.118638},
    journal = {International 1989 Joint Conference on Neural Networks},
    pages = {593--605},
    title = {Theory of the backpropagation neural network},
    url = {http://dx.doi.org/10.1109/ijcnn.1989.118638},
    volume = {1},
    year = {1989}
}

@article{horn2005single,
    author = {Horn, Rolf T and Babichev, SA and Marzlin, Karl-Peter and Lvovsky, AI and Sanders, Barry C},
    journal = {Physical review letters},
    number = {15},
    pages = {150502},
    publisher = {APS},
    title = {Single-qubit optical quantum fingerprinting},
    volume = {95},
    year = {2005}
}

@article{hush2017machine,
    author = {Hush, Michael R.},
    doi = {10.1126/science.aam6564},
    issn = {0036-8075},
    journal = {Science},
    number = {6325},
    pages = {580--580},
    pmid = {28183936},
    title = {Machine learning for quantum physics},
    url = {http://dx.doi.org/10.1126/science.aam6564},
    volume = {355},
    year = {2017}
}

@article{johansson2012qutip,
    author = {Johansson, J.R. and Nation, P.D. and Nori, Franco},
    doi = {10.1016/j.cpc.2012.02.021},
    issn = {0010-4655},
    journal = {Computer Physics Communications},
    month = {12},
    number = {8},
    pages = {1760--1772},
    title = {QuTiP: An open-source Python framework for the dynamics of open quantum systems},
    url = {http://dx.doi.org/10.1016/j.cpc.2012.02.021},
    volume = {183},
    year = {2012}
}

@article{johansson2013qutip,
    author = {Johansson, J.R. and Nation, P.D. and Nori, Franco},
    doi = {10.1016/j.cpc.2012.11.019},
    issn = {0010-4655},
    journal = {Computer Physics Communications},
    number = {4},
    pages = {1234--1240},
    title = {QuTiP 2: A Python framework for the dynamics of open quantum systems},
    url = {http://dx.doi.org/10.1016/j.cpc.2012.11.019},
    volume = {184},
    year = {2013}
}

@article{kay2006perfect,
    author = {Kay, Alastair},
    doi = {10.1103/physreva.73.032306},
    issn = {2469-9934},
    journal = {Physical Review A},
    month = {6},
    number = {3},
    pages = {032306},
    title = {Perfect state transfer: Beyond nearest-neighbor couplings},
    url = {http://dx.doi.org/10.1103/physreva.73.032306},
    volume = {73},
    year = {2006}
}

@article{kay2009a,
    author = {Kay, Alastair},
    doi = {10.1142/s0219749910006514},
    issn = {0219-7499},
    journal = {International Journal of Quantum Information},
    month = {9},
    number = {04},
    pages = {641--676},
    title = {A Review of Perfect State Transfer and its Application as a Constructive Tool},
    url = {http://dx.doi.org/10.1142/s0219749910006514},
    volume = {8},
    year = {2009}
}

@article{kitaev1997quantum,
    author = {Kitaev, A Yu},
    journal = {Russian Mathematical Surveys},
    number = {6},
    pages = {1191--1249},
    publisher = {Turpion Ltd},
    title = {Quantum computations: algorithms and error correction},
    url = {http://iopscience.iop.org/article/10.1070/RM1997v052n06ABEH002155/meta},
    volume = {52},
    year = {1997}
}

@article{krastanov2017deep,
    archivePrefix = {arXiv},
    author = {Krastanov, Stefan and Jiang, Liang},
    doi = {10.1038/s41598-017-11266-1},
    eprint = {1705.09334},
    journal = {Scientific reports},
    number = {1},
    pages = {11003},
    primaryClass = {quant-ph},
    publisher = {Nature Publishing Group},
    title = {Deep neural network probabilistic decoder for stabilizer codes},
    volume = {7},
    year = {2017}
}

@article{ladd2010quantum,
    author = {Ladd, T. D. and Jelezko, F. and Laflamme, R. and Nakamura, Y. and Monroe, C. and O’Brien, J. L.},
    doi = {10.1038/nature08812},
    journal = {Nature},
    month = {Mar},
    number = {7285},
    pages = {45–53},
    publisher = {Springer Science and Business Media LLC},
    title = {Quantum computers},
    volume = {464},
    year = {2010}
}

@article{lanyon2011universal,
    author = {Lanyon, B. P. and Hempel, C. and Nigg, D. and Muller, M. and Gerritsma, R. and Zahringer, F. and Schindler, P. and Barreiro, J. T. and Rambach, M. and Kirchmair, G. and et al.},
    doi = {10.1126/science.1208001},
    journal = {Science},
    month = {Sep},
    number = {6052},
    pages = {57–61},
    publisher = {American Association for the Advancement of Science (AAAS)},
    title = {Universal Digital Quantum Simulation with Trapped Ions},
    volume = {334},
    year = {2011}
}

@article{lee2016engineering,
    author = {Lee, A. C. and Smith, J. and Richerme, P. and Neyenhuis, B. and Hess, P. W. and Zhang, J. and Monroe, C.},
    doi = {10.1103/PhysRevA.94.042308},
    journal = {Physical Review A},
    month = {Oct},
    number = {4},
    publisher = {American Physical Society (APS)},
    title = {Engineering large Stark shifts for control of individual clock state qubits},
    volume = {94},
    year = {2016}
}

@article{leung2017speedup,
    author = {Leung, Nelson and Abdelhafez, Mohamed and Koch, Jens and Schuster, David},
    issn = {2469-9926},
    journal = {Physical Review A},
    number = {4},
    title = {Speedup for quantum optimal control from automatic differentiation based on graphics processing units},
    url = {http://dx.doi.org/10.1103/physreva.95.042318},
    volume = {95},
    year = {2017}
}

@article{lloyd1996universal,
    author = {Seth Lloyd},
    issn = {00368075, 10959203},
    journal = {Science},
    number = {5278},
    pages = {1073--1078},
    publisher = {American Association for the Advancement of Science},
    title = {Universal Quantum Simulators},
    url = {http://www.jstor.org/stable/2899535},
    volume = {273},
    year = {1996}
}

@article{loft2018quantum,
    author = {Loft, Niels Jakob S{\o}e and Kristensen, Lasse Bj{\o}rn and Andersen, Christian Kraglund and Zinner, Nikolaj T},
    journal = {arXiv:1802.04292},
    title = {Quantum spin transistors in superconducting circuits},
    url = {https://arxiv.org/abs/1802.04292},
    year = {2018}
}

@article{loke2014optqc,
    author = {Loke, T. and Wang, J.B. and Chen, Y.H.},
    doi = {10.1016/j.cpc.2014.07.022},
    journal = {Computer Physics Communications},
    month = {Dec},
    number = {12},
    pages = {3307–3316},
    publisher = {Elsevier BV},
    title = {OptQC : An optimized parallel quantum compiler},
    volume = {185},
    year = {2014}
}

@article{loke2016optqc,
    author = {Loke, T. and Wang, J.B.},
    doi = {10.1016/j.cpc.2016.05.028},
    journal = {Computer Physics Communications},
    month = {Oct},
    pages = {531–532},
    publisher = {Elsevier BV},
    title = {OptQC  v1.3: An (updated) optimized parallel quantum compiler},
    volume = {207},
    year = {2016}
}

@article{magesan2011gate,
    author = {Magesan, Easwar and Blume-Kohout, Robin and Emerson, Joseph},
    issn = {1050-2947},
    journal = {Physical Review A},
    month = {11},
    number = {1},
    pages = {012309},
    publisher = {Physical Review A},
    title = {Gate fidelity fluctuations and quantum process invariants},
    url = {http://dx.doi.org/10.1103/physreva.84.012309},
    volume = {84},
    year = {2011}
}

@article{martinez2016compiling,
    author = {Martinez, Esteban A and Monz, Thomas and Nigg, Daniel and Schindler, Philipp and Blatt, Rainer},
    doi = {10.1088/1367-2630/18/6/063029},
    journal = {New Journal of Physics},
    month = {Jun},
    number = {6},
    pages = {063029},
    publisher = {IOP Publishing},
    title = {Compiling quantum algorithms for architectures with multi-qubit gates},
    volume = {18},
    year = {2016}
}

@article{maslov2007techniques,
    author = {Maslov, D. and Dueck, G. W. and Miller, D. M.},
    doi = {10.1145/1278349.1278355},
    journal = {ACM Transactions on Design Automation of Electronic Systems},
    month = {Sep},
    number = {4},
    pages = {42–es},
    publisher = {Association for Computing Machinery (ACM)},
    title = {Techniques for the synthesis of reversible Toffoli networks},
    volume = {12},
    year = {2007}
}


@article{maslov2008quantum,
    author = {Maslov, D. and Dueck, G.W. and Miller, D.M. and Negrevergne, C.},
    doi = {10.1109/TCAD.2007.911334},
    journal = {IEEE Transactions on Computer-Aided Design of Integrated Circuits and Systems},
    month = {Mar},
    number = {3},
    pages = {436–444},
    publisher = {Institute of Electrical and Electronics Engineers (IEEE)},
    title = {Quantum Circuit Simplification and Level Compaction},
    volume = {27},
    year = {2008}
}

@article{maslov2016advantages,
    author = {Maslov, Dmitri},
    doi = {10.1103/PhysRevA.93.022311},
    journal = {Physical Review A},
    month = {Feb},
    number = {2},
    publisher = {American Physical Society (APS)},
    title = {Advantages of using relative-phase Toffoli gates with an application to multiple control Toffoli optimization},
    volume = {93},
    year = {2016}
}

@book{mohri2012foundations,
    author = {Mohri, Mehryar and Rostamizadeh, Afshin and Talwalkar, Ameet},
    publisher = {MIT press},
    title = {Foundations of machine learning},
    year = {2012}
}

@article{moler2003nineteen,
    author = {Moler, Cleve and Van Loan, Charles},
    journal = {SIAM review},
    number = {1},
    pages = {3--49},
    publisher = {SIAM},
    title = {Nineteen dubious ways to compute the exponential of a matrix, twenty-five years later},
    url = {https://epubs.siam.org/doi/abs/10.1137/S00361445024180},
    volume = {45},
    year = {2003}
}

@article{monz2009realization,
    author = {Monz, T. and Kim, K. and H{\"a}nsel, W. and Riebe, M. and Villar, A. S. and Schindler, P. and Chwalla, M. and Hennrich, M. and Blatt, R.},
    doi = {10.1103/physrevlett.102.040501},
    issn = {1079-7114},
    journal = {Physical Review Letters},
    month = {9},
    number = {4},
    pages = {040501},
    pmid = {19257408},
    publisher = {Physical Review Letters},
    title = {Realization of the Quantum Toffoli Gate with Trapped Ions},
    url = {http://dx.doi.org/10.1103/physrevlett.102.040501},
    volume = {102},
    year = {2009}
}


@article{mottonen2004quantum,
    author = {Möttönen, Mikko and Vartiainen, Juha J. and Bergholm, Ville and Salomaa, Martti M.},
    doi = {10.1103/PhysRevLett.93.130502},
    journal = {Physical Review Letters},
    month = {Sep},
    number = {13},
    publisher = {American Physical Society (APS)},
    title = {Quantum Circuits for General Multiqubit Gates},
    volume = {93},
    year = {2004}
}

@article{murphy2019controlling,
    author = {Murphy, Daniel C. and Brown, Kenneth R.},
    doi = {10.1103/PhysRevA.99.032318},
    journal = {Physical Review A},
    month = {Mar},
    number = {3},
    publisher = {American Physical Society (APS)},
    title = {Controlling error orientation to improve quantum algorithm success rates},
    volume = {99},
    year = {2019}
}

@article{nakajima2009synthesis,
    acmid = {2011797},
    address = {Paramus, NJ},
    author = {Nakajima, Yumi and Kawano, Yasuhito and Sekigawa, Hiroshi and Nakanishi, Masaki and Yamashita, Shigeru and Nakashima, Yasuhiko},
    issn = {1533-7146},
    issue_date = {May 2009},
    journal = {Quantum Info. Comput.},
    keywords = {KAK decomposition, cosine-sine decomposition (CSD), quantum circuit synthesis},
    month = {may},
    number = {5},
    numpages = {21},
    pages = {423--443},
    publisher = {Rinton Press, Incorporated},
    title = {Synthesis of Quantum Circuits for D-level Systems by Using Cosine-sine Decomposition},
    url = {http://dl.acm.org/citation.cfm?id = {2011791.2011797}},
    volume = {9},
    year = {2009}
}

@article{nebendahl2009optimal,
    author = {Nebendahl, V. and Häffner, H. and Roos, C. F.},
    doi = {10.1103/PhysRevA.79.012312},
    journal = {Physical Review A},
    month = {Jan},
    number = {1},
    publisher = {American Physical Society (APS)},
    title = {Optimal control of entangling operations for trapped-ion quantum computing},
    volume = {79},
    year = {2009}
}

@book{nielsen2002quantum,
    author = {Nielsen, Michael A and Chuang, Isaac},
    publisher = {Cambridge Academic Press},
    title = {Quantum computation and quantum information},
    year = {2002}
}

@article{nielsen2002simple,
    author = {Nielsen, Michael A},
    doi = {10.1016/s0375-9601(02)01272-0},
    issn = {0375-9601},
    journal = {Physics Letters A},
    month = {2},
    number = {4},
    pages = {249--252},
    publisher = {Physics Letters A},
    title = {A simple formula for the average gate fidelity of a quantum dynamical operation},
    url = {http://dx.doi.org/10.1016/s0375-9601(02)01272-0},
    volume = {303},
    year = {2002}
}

@article{nielsen2006quantum,
    author = {Nielsen, M. A.},
    doi = {10.1126/science.1121541},
    journal = {Science},
    month = {Feb},
    number = {5764},
    pages = {1133–1135},
    publisher = {American Association for the Advancement of Science (AAAS)},
    title = {Quantum Computation as Geometry},
    volume = {311},
    year = {2006}
}

@article{paszke2017automatic,
    author = {Paszke, Adam and Gross, Sam and Chintala, Soumith and Chanan, Gregory and Yang, Edward and DeVito, Zachary and Lin, Zeming and Desmaison, Alban and Antiga, Luca and Lerer, Adam},
    journal = {NIPS-W},
    title = {Automatic differentiation in PyTorch},
    url = {https://openreview.net/forum?id = {BJJsrmfCZ}},
    volume = {1},
    year = {2017}
}

@article{patel2016a,
    author = {Patel, Raj B. and Ho, Joseph and Ferreyrol, Franck and Ralph, Timothy C. and Pryde, Geoff J.},
    doi = {10.1126/sciadv.1501531},
    issn = {2375-2548},
    journal = {Science Advances},
    number = {3},
    pages = {e1501531},
    pmid = {27051868},
    title = {A quantum Fredkin gate},
    url = {http://dx.doi.org/10.1126/sciadv.1501531},
    volume = {2},
    year = {2016}
}

@article{pedersen2007fidelity,
    author = {Pedersen, Line Hjortsh{\o}j and M{\o}ller, Niels Martin and M{\o}lmer, Klaus},
    journal = {Physics Letters A},
    number = {1-2},
    pages = {47--51},
    publisher = {Elsevier},
    title = {Fidelity of quantum operations},
    url = {https://www.sciencedirect.com/science/article/pii/S0375960107003271},
    volume = {367},
    year = {2007}
}

@article{potocnik2018studying,
    author = {Poto{\v{c}}nik, Anton and Bargerbos, Arno and Schr{\"o}der, Florian A. Y. N. and Khan, Saeed A. and Collodo, Michele C. and Gasparinetti, Simone and Salath{\'e}, Yves and Creatore, Celestino and Eichler, Christopher and T{\"u}reci, Hakan E. and Chin, Alex W. and Wallraff, Andreas},
    journal = {Nature Communications},
    month = {Mar},
    number = {1},
    publisher = {Springer Nature},
    title = {Studying light-harvesting models with superconducting circuits},
    url = {http://dx.doi.org/10.1038/s41467-018-03312-x},
    volume = {9},
    year = {2018}
}

@article{prasad2006data,
    author = {Prasad, Aditya K. and Shende, Vivek V. and Markov, Igor L. and Hayes, John P. and Patel, Ketan N.},
    doi = {10.1145/1216396.1216399},
    journal = {ACM Journal on Emerging Technologies in Computing Systems},
    month = {Oct},
    number = {4},
    pages = {277–293},
    publisher = {Association for Computing Machinery (ACM)},
    title = {Data structures and algorithms for simplifying reversible circuits},
    volume = {2},
    year = {2006}
}

@article{preskill2018quantum,
    author = {Preskill, John},
    doi = {10.22331/q-2018-08-06-79},
    journal = {Quantum},
    month = {Aug},
    pages = {79},
    publisher = {Verein zur Forderung des Open Access Publizierens in den Quantenwissenschaften},
    title = {Quantum Computing in the NISQ era and beyond},
    volume = {2}
}

@article{reed2012realization,
    author = {Reed, M. D. and DiCarlo, L. and Nigg, S. E. and Sun, L. and Frunzio, L. and Girvin, S. M. and Schoelkopf, R. J.},
    doi = {10.1038/nature10786},
    issn = {0028-0836},
    journal = {Nature},
    month = {12},
    number = {7385},
    pages = {382--385},
    pmid = {22297844},
    publisher = {Nature},
    title = {Realization of three-qubit quantum error correction with superconducting circuits},
    url = {http://dx.doi.org/10.1038/nature10786},
    volume = {482},
    year = {2012}
}

@article{ruder2016an,
    author = {Ruder, Sebastian},
    journal = {arXiv:1609.04747},
    title = {An overview of gradient descent optimization algorithms},
    url = {https://arxiv.org/abs/1609.04747},
    year = {2016}
}

@article{ruder2016overview,
    author = {Ruder, Sebastian},
    journal = {arXiv:1609.04747},
    title = {An overview of gradient descent optimization algorithms},
    url = {https://arxiv.org/abs/1609.04747},
    year = {2016}
}

@article{saeedi2013synthesis,
    author = {Saeedi, Mehdi and Markov, Igor L.},
    doi = {10.1145/2431211.2431220},
    journal = {ACM Computing Surveys},
    month = {Feb},
    number = {2},
    pages = {1–34},
    publisher = {Association for Computing Machinery (ACM)},
    title = {Synthesis and optimization of reversible circuits—a survey},
    volume = {45},
    year = {2013}
}

@article{schrade2018majorana,
    author = {Schrade, Constantin and Fu, Liang},
    doi = {10.1103/PhysRevLett.121.267002},
    journal = {Physical Review Letters},
    month = {Dec},
    number = {26},
    publisher = {American Physical Society (APS)},
    title = {Majorana Superconducting Qubit},
    volume = {121},
    year = {2018}
}

@article{shi2002both,
    author = {Shi, Yaoyun},
    journal = {arXiv:0205115},
    month = {2},
    title = {Both {Toffoli} and {Controlled-NOT} need little help to do universal quantum computation},
    url = {https://arxiv.org/abs/quant-ph/0205115},
    year = {2002}
}

@article{stojanovic2012quantum,
    author = {Stojanovi{\'c}, Vladimir M and Fedorov, A and Wallraff, A and Bruder, C},
    journal = {Physical Review B},
    number = {5},
    pages = {054504},
    publisher = {APS},
    title = {Quantum-control approach to realizing a Toffoli gate in circuit QED},
    url = {https://journals.aps.org/prb/abstract/10.1103/PhysRevB.85.054504},
    volume = {85},
    year = {2012}
}

@article{swaddle2017generating,
    author = {Swaddle, Michael and Noakes, Lyle and Smallbone, Harry and Salter, Liam and Wang, Jingbo},
    doi = {10.1016/j.physleta.2017.08.043},
    journal = {Physics Letters A},
    month = {Oct},
    number = {39},
    pages = {3391–3395},
    publisher = {Elsevier BV},
    title = {Generating three-qubit quantum circuits with neural networks},
    volume = {381},
    year = {2017}
}

@article{sørensen1999quantum,
    author = {Sørensen, Anders and Mølmer, Klaus},
    doi = {10.1103/PhysRevLett.82.1971},
    journal = {Physical Review Letters},
    month = {Mar},
    number = {9},
    pages = {1971–1974},
    publisher = {American Physical Society (APS)},
    title = {Quantum Computation with Ions in Thermal Motion},
    volume = {82},
    year = {1999}
}

@article{tan2015multi,
    author = {Tan, T. R. and Gaebler, J. P. and Lin, Y. and Wan, Y. and Bowler, R. and Leibfried, D. and Wineland, D. J.},
    doi = {10.1038/nature16186},
    journal = {Nature},
    month = {Dec},
    number = {7582},
    pages = {380–383},
    publisher = {Springer Science and Business Media LLC},
    title = {Multi-element logic gates for trapped-ion qubits},
    volume = {528},
    year = {2015}
}

@article{team2016theano,
    author = {The Theano Development Team},
    journal = {arXiv:1605.02688},
    title = {Theano: A Python framework for fast computation of mathematical expressions},
    year = {2016}
}

@misc{tensorflow2015-whitepaper,
    author = {Mart\'{\i}n~Abadi et al.},
    note = {Software available from tensorflow.org},
    title = {{TensorFlow}: Large-Scale Machine Learning on Heterogeneous Systems},
    url = {https://www.tensorflow.org/},
    year = {2015}
}

@article{torlai2017manybody,
    author = {Torlai, Giacomo and Mazzola, Guglielmo and Carrasquilla, Juan and Troyer, Matthias and Melko, Roger and Carleo, Giuseppe},
    journal = {Nature Physics},
    pages = {447},
    title = {Many-body quantum state tomography with neural networks},
    url = {https://www.nature.com/articles/s41567-018-0048-5},
    volume = {14},
    year = {2018}
}

@article{vandersypen2001experimental,
    author = {Vandersypen, Lieven M. K. and Steffen, Matthias and Breyta, Gregory and Yannoni, Costantino S. and Sherwood, Mark H. and Chuang, Isaac L.},
    doi = {10.1038/414883a},
    issn = {0028-0836},
    journal = {Nature},
    month = {1},
    number = {6866},
    pages = {883--887},
    pmid = {11780055},
    publisher = {Nature},
    title = {Experimental realization of {Shor's} quantum factoring algorithm using nuclear magnetic resonance},
    url = {http://dx.doi.org/10.1038/414883a},
    volume = {414},
    year = {2001}
}

@article{wang2016discovering,
    author = {Wang, Lei},
    issn = {2469-9950},
    journal = {Physical Review B},
    number = {19},
    title = {Discovering Phase Transitions with Unsupervised Learning},
    url = {http://dx.doi.org/10.1103/physrevb.94.195105},
    volume = {94},
    year = {2016}
}

@article{wengert1964a,
    author = {Wengert, R. E.},
    doi = {10.1145/355586.364791},
    issn = {0001-0782},
    journal = {Communications of the ACM},
    number = {8},
    pages = {463--464},
    title = {A simple automatic derivative evaluation program},
    url = {http://dx.doi.org/10.1145/355586.364791},
    volume = {7},
    year = {1964}
}

@article{yung2005perfect,
    author = {Yung, Man-Hong and Bose, Sougato},
    doi = {10.1103/physreva.71.032310},
    issn = {2469-9934},
    journal = {Physical Review A},
    month = {5},
    number = {3},
    pages = {032310},
    title = {Perfect state transfer, effective gates, and entanglement generation in engineered bosonic and fermionic networks},
    url = {http://dx.doi.org/10.1103/physreva.71.032310},
    volume = {71},
    year = {2005}
}

@article{zahedinejad2015designing,
    author = {Zahedinejad, Ehsan and Ghosh, Joydip and Sanders, Barry C},
    journal = {Physical Review Applied},
    number = {5},
    pages = {054005},
    title = {Designing High-Fidelity Single-Shot Three-Qubit Gates: A Machine Learning Approach},
    url = {https://journals.aps.org/prapplied/abstract/10.1103/PhysRevApplied.6.054005},
    volume = {6},
    year = {2015}
}

@article{zahedinejad2015highfidelity,
    author = {Zahedinejad, Ehsan and Ghosh, Joydip and Sanders, Barry C.},
    journal = {Physical Review Letters},
    number = {20},
    pages = {200502},
    title = {High-Fidelity Single-Shot Toffoli Gate via Quantum Control},
    url = {https://journals.aps.org/prl/abstract/10.1103/PhysRevLett.114.200502},
    volume = {114},
    year = {2015}
}

@article{zanardi2004purity,
    author = {Zanardi, Paolo and Lidar, Daniel A.},
    doi = {10.1103/physreva.70.012315},
    issn = {2469-9934},
    journal = {Physical Review A},
    month = {4},
    number = {1},
    pages = {012315},
    publisher = {Physical Review A},
    title = {Purity and state fidelity of quantum channels},
    url = {http://dx.doi.org/10.1103/physreva.70.012315},
    volume = {70},
    year = {2004}
}

@article{zdeborov2017machine,
    author = {Zdeborov{\'a}, Lenka},
    doi = {10.1038/nphys4053},
    issn = {1745-2473},
    journal = {Nature Physics},
    number = {5},
    pages = {420--421},
    title = {Machine learning: New tool in the box},
    url = {http://dx.doi.org/10.1038/nphys4053},
    volume = {13},
    year = {2017}
}

@article{innocenti2018supervised,
    archiveprefix = {arXiv},
    author = {Innocenti, Luca and Banchi, Leonardo and Ferraro, Alessandro and Bose, Sougato and Paternostro, Mauro},
    eprint = {1803.07119},
    primaryclass = {quant-ph},
    title = {Supervised learning of time-independent Hamiltonians for gate design},
    year = {2018}
}

@article{maslov2017basic,
    archiveprefix = {arXiv},
    author = {Maslov, Dmitri},
    doi = {10.1088/1367-2630/aa5e47},
    eprint = {1603.07678},
    journal = {New Journal of Physics},
    month = {Feb},
    number = {2},
    pages = {023035},
    primaryclass = {quant-ph},
    publisher = {IOP Publishing},
    title = {Basic circuit compilation techniques for an ion-trap quantum machine},
    volume = {19},
    year = {2017}
}

@book{watrous2018theory,
  title={The theory of quantum information},
  author={Watrous, John},
  year={2018},
  publisher={Cambridge University Press}
}

@article{banchi2011nonperturbative,
    author = {Banchi, Leonardo and Bayat, Abolfazl and Verrucchi, Paola and Bose, Sougato},
    doi = {10.1103/PhysRevLett.106.140501},
    journal = {Physical Review Letters},
    month = {Apr},
    number = {14},
    publisher = {American Physical Society (APS)},
    title = {Nonperturbative Entangling Gates between Distant Qubits Using Uniform Cold Atom Chains},
    volume = {106},
    year = {2011}
}